<collection xmlns="http://www.loc.gov/MARC21/slim">
<record>
  <leader>01853nam0a2200325 i 450 </leader>
  <controlfield tag="001">IT\ICCU\CNCE\050896</controlfield>
  <controlfield tag="005">20150612000000.0</controlfield>
  <datafield tag="012" ind1=" " ind2=" ">
    <subfield code="a">18na 9996 bial ilma (3) 1591 (R)</subfield>
    <subfield code="2">fei</subfield>
  </datafield>
  <datafield tag="100" ind1=" " ind2=" ">
    <subfield code="a">20000601d1591        0itac0103    ba</subfield>
  </datafield>
  <datafield tag="101" ind1=" " ind2=" ">
    <subfield code="a">LAT</subfield>
  </datafield>
  <datafield tag="102" ind1=" " ind2=" ">
    <subfield code="a">IT</subfield>
  </datafield>
  <datafield tag="200" ind1="1" ind2=" ">
    <subfield code="a">℗R.p.f. Philippi Diez Lusitani, Ord. min. reg. obseruantiae, prouinciae s. Iacobi, ℗Summa praedicantium ex omnibus locis communibus locupletissima. Pars secunda. Aduerte candide lector, omnia, quae in hac summa, maximo cum labore ob Christi Iesu amorem, et proximorum vtilitatem accumulaui, omnino diuersa esse ab ijs, quae in libris concionum a me dudum editis habentur, vti experimento poteris comprobare</subfield>
  </datafield>
  <datafield tag="210" ind1=" " ind2=" ">
    <subfield code="a">Venetiis</subfield>
    <subfield code="c">apud Felicem Valgrisium</subfield>
    <subfield code="d">1591</subfield>
  </datafield>
  <datafield tag="215" ind1=" " ind2=" ">
    <subfield code="a">\16!, 668 p.</subfield>
    <subfield code="d">8ʻ</subfield>
  </datafield>
  <datafield tag="620" ind1=" " ind2=" ">
    <subfield code="a">IT</subfield>
    <subfield code="d">Venezia</subfield>
  </datafield>
  <datafield tag="700" ind1=" " ind2="1">
    <subfield code="a">Dias,</subfield>
    <subfield code="b">Filippe</subfield>
    <subfield code="3">IT\ICCU\CNCA\002189</subfield>
  </datafield>
  <datafield tag="712" ind1="0" ind2="0">
    <subfield code="a">Valgrisi, Felice</subfield>
    <subfield code="3">IT\ICCU\CNCT\000758</subfield>
    <subfield code="4">650</subfield>
  </datafield>
  <datafield tag="790" ind1=" " ind2="1">
    <subfield code="a">Diez,</subfield>
    <subfield code="b">Philippus</subfield>
    <subfield code="3">IT\ICCU\CNCA\004805</subfield>
    <subfield code="z">Dias, Filippe</subfield>
  </datafield>
  <datafield tag="790" ind1=" " ind2="1">
    <subfield code="a">Dias,</subfield>
    <subfield code="b">Filipe</subfield>
    <subfield code="3">IT\ICCU\CNCA\019567</subfield>
    <subfield code="z">Dias, Filippe</subfield>
  </datafield>
  <datafield tag="790" ind1=" " ind2="1">
    <subfield code="a">Diez,</subfield>
    <subfield code="b">Felippe</subfield>
    <subfield code="3">IT\ICCU\CNCA\019568</subfield>
    <subfield code="z">Dias, Filippe</subfield>
  </datafield>
  <datafield tag="790" ind1=" " ind2="1">
    <subfield code="a">Diez Lusitano,</subfield>
    <subfield code="b">Felipe</subfield>
    <subfield code="3">IT\ICCU\CNCA\019569</subfield>
    <subfield code="z">Dias, Filippe</subfield>
  </datafield>
  <datafield tag="790" ind1=" " ind2="1">
    <subfield code="a">Diez,</subfield>
    <subfield code="b">Felip</subfield>
    <subfield code="3">IT\ICCU\CNCA\019570</subfield>
    <subfield code="z">Dias, Filippe</subfield>
  </datafield>
  <datafield tag="791" ind1="0" ind2="0">
    <subfield code="a">Valgrisius, Felix</subfield>
    <subfield code="3">IT\ICCU\CNCT\005728</subfield>
    <subfield code="z">Valgrisi, Felice</subfield>
  </datafield>
  <datafield tag="801" ind1=" " ind2="3">
    <subfield code="a">IT</subfield>
    <subfield code="b">ICCU</subfield>
    <subfield code="c">20201115</subfield>
  </datafield>
  <datafield tag="899" ind1=" " ind2=" ">
    <subfield code="a">Biblioteca Zelantea. Acireale</subfield>
    <subfield code="1">CT0260</subfield>
    <subfield code="2">CAT ZE</subfield>
  </datafield>
  <datafield tag="899" ind1=" " ind2=" ">
    <subfield code="a">Biblioteca universitaria. Genova</subfield>
    <subfield code="1">GE0038</subfield>
    <subfield code="2">LIG 01</subfield>
  </datafield>
  <datafield tag="899" ind1=" " ind2=" ">
    <subfield code="a">Biblioteca comunale Manfrediana. Faenza</subfield>
    <subfield code="1">RA0016</subfield>
    <subfield code="2">RAV FA</subfield>
  </datafield>
  <datafield tag="899" ind1=" " ind2=" ">
    <subfield code="a">Fondazione Biblioteca S. Bernardino. Trento</subfield>
    <subfield code="1">TN0122</subfield>
    <subfield code="2">ZTN 18</subfield>
  </datafield>
  <datafield tag="911" ind1=" " ind2=" ">
    <subfield code="a">Sul front.</subfield>
    <subfield code="9">IT\ICCU\CNCM\001110</subfield>
  </datafield>
  <datafield tag="921" ind1=" " ind2=" ">
    <subfield code="a">IT\ICCU\CNCM\001110</subfield>
    <subfield code="b">Serpente attorcigliato a bastone a forma di tau sostenuto da mani uscenti da nuvole. Scritta: Vincent.</subfield>
    <subfield code="c">U147</subfield>
    <subfield code="d">Dimensioni: 3 x 4</subfield>
    <subfield code="f">SERPENTE</subfield>
    <subfield code="f">NUVOLE</subfield>
    <subfield code="g">1574-1592</subfield>
  </datafield>
</record>
</collection>
